@article{watkins1992q,
  title={Q-learning},
  author={Watkins, Christopher JCH and Dayan, Peter},
  journal={Machine learning},
  volume={8},
  number={3-4},
  pages={279--292},
  year={1992},
  publisher={Springer}
} 

@inproceedings{DEramo2016EstimatingTM,
  title={Estimating the Maximum Expected Value through Gaussian Approximation},
  author={Carlo Dâ€™Eramo and Alessandro Nuara and Marcello Restelli},
  year={2016}
}
